<?xml version="1.0" encoding="UTF-8"?><collection xmlns="http://www.loc.gov/MARC21/slim"><record><leader>00439nam--2200145-i-4500</leader><controlfield tag="001">000028705</controlfield><controlfield tag="002">20161230</controlfield><controlfield tag="005">20161230201037</controlfield><controlfield tag="008">060222s1000------------r-----000-0-eng-d</controlfield><datafield ind1=" " ind2=" " tag="080"><subfield code="a">546.289:547</subfield></datafield><datafield ind1=" " ind2=" " tag="100"><subfield code="a">Lesbre, Michel., Mazerolles, Pierre Et Satge, Jacques</subfield></datafield><datafield ind1=" " ind2=" " tag="245"><subfield code="a">The organic compounds of germanium</subfield></datafield><datafield ind1=" " ind2=" " tag="260"><subfield code="a">London, Interscience Publ., 1971, Xii + 701p</subfield></datafield><datafield ind1=" " ind2=" " tag="490"><subfield code="a">The Chemistry Of Organometallic Compounds</subfield></datafield><datafield ind1=" " ind2=" " tag="852"><subfield code="a">35208</subfield></datafield></record></collection>